% Encoding: UTF-8

@inproceedings{Wang2017,
  author = {Wang, Hui; Cen, Yuanyuan; Li, Xuefeng},
  title  = {Blockchain Router: A Cross-Chain Communication Protocol},
  year   = {2017},
  booktitle = {???},
  OPTeventtitle = {Proceedings of the 6th International Conference on Informatics, Environment, Energy and Applications},
  OPTorganization = {ACM},
  OPTurl = {url},
  OPTurldate = {10/29/2017},
}

@Article{Ellis2017,
  author = {Ellis, Steve; Juels, Ari; Nazarov, Sergey},
  title  = {ChainLink A Decentralized Oralce Network},
  year   = {2017},
}

@Article{Christidis2016,
  author  = {Christidis, Konstantinos; Devetsikiotis, Michael},
  title   = {Blockchain and Smart Contracts for the Internet of Things},
  journal = {IEEE Access},
  year    = {2016},
  volume  = {4},
  OPTpages = {2292-2303},
  OPTurl = {http://ieeexplore.ieee.org/document/7467408/#full-text-section},
  OPTurldate = {10/30/2017},
}

@MastersThesis{Kiviat2015,
  author = {Kiviat, Trevor I.},
  title  = {"Smart Contract Markets": Trading Derivatives Contracts on the Blockchain},
  school = {Duke University School of Law},
  year   = {2015},
}

@Article{Dr.Mik2017,
  author  = {Dr. Mik, Eliza},
  title   = {Smart Contracts: Terminology, Technical Limitations and Real World Complexity},
  journal = {Law, Innovation \& Technology},
  year    = {2017},
}

@Proceedings{Prinz2017,
  title  = {Blockchain Technologie, Forschungsfragen und Anwendungen},
  year   = {2017},
  editor = {Prinz, W.; Schulte, A.},
}


@MastersThesis{Spacken2016,
  author = {Spacken, Marius; Hellenkamp, Mario; Brown, Christopher; Thil, Christian},
  title  = {KryptBlockchain und Smart Contracts},
  school = {FH MÃ¼nster University of Applied Sciences},
  year   = {2016},
}

@inproceedings{Zhang2016,
  author = {Zhang, Fan; Cecchetti, Ethan; Croman, Kyle; Juels, Ari; Shi, Elaine},
  title  = {Town Crier: An Authenticated Data Feed for Smart Contracts},
  booktitle = {???},
  date   = {2016},
  OPTeventtitle = {Proceedings of the 2016 ACM SIGSAC Conference on Computer and Communications Security}, 
  OPTurl = {https://dl.acm.org/citation.cfm?id=2978326},
  OPTurldate = {10/29/2017},
}


@inproceedings{Yu2017,
	author = {Yu, Lian; Tsai, Wei-Tek; Li, Guannan; Yao, Yafe; Hu, Chenjian; Deng, Enyan},
	title = {Smart-Contract Execution with Concurrent Block Building},
	booktitle = {???},
	date = {2017},
	OPTeventtitle = {2017 IEEE Symposium on Service-Oriented System Engineering},
	OPTorganization = {IEEE},
	OPTurl = {url},
	OPTurldate = {11/13/2017},
}
@article{Meitinger2017,
	author = {Meitinger, Thomas Heinz},
	title = {Smart Contracts},
	journaltitle = {Informatik-Spektrum},
	date = {2017},
	OPTpages = {1-5},
	OPTvolume = {40},
	OPTnumber = {4},
	OPTurl = {url},
	OPTurldate = {11/13/2017},
}


@article{Eze2017,
  author = {Eze, Peter; Eziokwu, Tochukwu; Okpara, Chinedu},
  title = {A Triplicate Smart Contract Model using Blockchain Technology},
  journaltitle = {Circulation in Computer Science},
  date = {2017},
  OPTjournalsubtitle = {Disruptive Computing, Cyber-Physical Systems (CPS), and Internet of Everything (IoE)},
  OPTpages = {1-10},
  OPTurl = {https://www.researchgate.net/profile/Peter_Eze7/publication/317349621_A_Triplicate_Smart_Contract_Model_using_Blockchain_Technology/links/5937782c4585158f6464595f/A-Triplicate-Smart-Contract-Model-using-Blockchain-Technology.pdf}
  OPTurldate = {11/13/2017},
}

@article{Lauslahti2017,
  author  = {Lauslahti, Kristian; Mattila, Juri; Sepp{\"a}l{\"a}, Timo},
  title   = {Smart contracts - How will Blockchain Technology affect Contractual Practices?},
  journaltitle = {ETLA Reports No 68},
  date = {2017},
  OPTorganization = {ELTA, The Research Institute of the Finnish Economy},
  OPTurl = {https://www.etla.fi/wp-content/uploads/ETLA-Raportit-Reports-68.pdf},
  OPTurldate = {11/05/2017},
  
}

@inproceedings{English2017,
  author = {English, Matthew; Auer, S{\"o}ren; Domingue, John},
  title  = {Block chain technologies \& the semantic web: A framework for symbiotic development},
  booktitle = {???},
  date = {2017},
  OPTeventtitle = {The 4th Computer Science Conference for University of Bonn Students (CSCUBS)},
  OPTurl = {http://cscubs.cs.uni-bonn.de/2016/proceedings/paper-10.pdf},
  OPTurldate = {11/13/2017},
  
}

@inproceedings{Xu2016,
  author = {Xu, Xiwei; Pautasso, Cesare; Zhu, Liming; Gramoli, Vincent; Ponomarev, Alexander; Tran, An Binh; Chen, Shiping},	
  title  = {The blockchain as a software connector},
  booktitle = {???},
  date = {2016},
  OPTeventtitle = {13th Working IEEE/IFIP Conference on Software Architecture},
  OPTurl = {http://design.inf.unisi.ch/sites/default/files/biblio/2016_WICSA_BlockChainSoftwareConnector.pdf},
  OPTurldate = {11/13/2017},
}

@Comment{jabref-meta: databaseType:bibtex;}
