% Encoding: UTF-8

@Article{Wang2017,
  author = {Wang, Hui; Cen, Yuanyuan; Li, Xuefeng},
  title  = {Blockchain Router: A Cross-Chain Communication Protocol},
  year   = {2017},
}

@Article{Ellis2017,
  author = {Ellis, Steve; Juels, Ari; Nazarov, Sergey},
  title  = {ChainLink A Decentralized Oralce Network},
  year   = {2017},
}

@Article{Christidis2016,
  author  = {Christidis, Konstantinos; Devetsikiotis, Michael},
  title   = {Blockchain and Smart Contracts for the Internet of Things},
  journal = {IEEE Access},
  year    = {2016},
  volume  = {4},
}

@MastersThesis{Kiviat2015,
  author = {Kiviat, Trevor I.},
  title  = {"Smart Contract Markets": Trading Derivatives Contracts on the Blockchain},
  school = {Duke University School of Law},
  year   = {2015},
}

@Article{Dr.Mik2017,
  author  = {Dr. Mik, Eliza},
  title   = {Smart Contracts: Terminology, Technical Limitations and Real World Complexity},
  journal = {Law, Innovation \& Technology},
  year    = {2017},
}

@Proceedings{Prinz2017,
  title  = {Blockchain Technologie, Forschungsfragen und Anwendungen},
  year   = {2017},
  editor = {Prinz, W.; Schulte, A.},
}

@Article{Lauslahti2017,
  author  = {Lauslahti, K.; Mattila, J.; Seppälä, T.},
  title   = {Smart Contracts - How will Blockchain Technology affect ConContract Practices},
  journal = {ETLA Report No 68},
  year    = {2017},
}

@MastersThesis{Spacken2016,
  author = {Spacken, Marius; Hellenkamp, Mario; Brown, Christopher; Thil, Christian},
  title  = {KryptBlockchain und Smart Contracts},
  school = {FH Münster University of Applied Sciences},
  year   = {2016},
}

@Article{Zhang2016,
  author = {Zhang, Fan; Cecchetti, Ethan; Croman, Kyle; Juels, Ari; Shi, Elaine},
  title  = {Town Crier: An Authenticated Data Feed for Smart Contracts},
  year   = {2016},
}

@Comment{jabref-meta: databaseType:bibtex;}
